<record><leader>00000cas a22000007a 4500</leader><controlfield tag="001">17489533</controlfield><controlfield tag="008">880217d19741974txuwr ne      0    0eng d</controlfield><datafield ind1=" " ind2=" " tag="010"><subfield code="a">sn 88083297 </subfield></datafield><datafield ind1=" " ind2=" " tag="040"><subfield code="a">PPM</subfield><subfield code="b">eng</subfield><subfield code="c">PPM</subfield><subfield code="d">OCLCQ</subfield></datafield><datafield ind1=" " ind2=" " tag="042"><subfield code="a">msc</subfield></datafield><datafield ind1="0" ind2="4" tag="245"><subfield code="a">The Burnet bulletin and Bertram enterprise.</subfield></datafield><datafield ind1=" " ind2=" " tag="260"><subfield code="a">Burnet, Tex. :</subfield><subfield code="b">Mr &amp; Mrs Ted Polk &amp; Mrs Marvin Dodd,</subfield><subfield code="c">1974-1974.</subfield></datafield><datafield ind1=" " ind2=" " tag="310"><subfield code="a">Weekly</subfield></datafield><datafield ind1="0" ind2=" " tag="362"><subfield code="a">Vol. 101, no. 1 (Jan. 3, 1974)-v. 101, no. 13 (Mar. 28, 1974).</subfield></datafield><datafield ind1=" " ind2=" " tag="752"><subfield code="a">United States</subfield><subfield code="b">Texas</subfield><subfield code="c">Burnet</subfield><subfield code="d">Burnet.</subfield></datafield><datafield ind1=" " ind2=" " tag="752"><subfield code="a">United States</subfield><subfield code="b">Texas</subfield><subfield code="c">Burnet</subfield><subfield code="d">Bertram.</subfield></datafield></record>